%% LaTeX2e file `document.bib'
%% generated by the `filecontents' environment
%% from source `document' on 2016/11/13.
%%
@book{Saussure1995,
    Author = {Ferdinand de Saussure},
    Origyear = {1916},
    Publisher = {Payot},
    Title = {Cours de Linguistique G{\'e}n{\'e}rale},
    Year = {1995}}

@book{Labov1972,
    Address = {Philadelphia},
    Author = {William Labov},
    Publisher = {University of Pennsylvania Press},
    Title = {Sociolinguistic Patterns},
    Year = {1972}}

