@misc{icann,
	title = {Dnssec â€“ What Is It and Why Is It Important?},
	howpublished = "\url{https://www.icann.org/resources/pages/dnssec-qaa-2014-01-29-en}",
	note = {Accessed: 10.10.2016},
}
@misc{ovh,
    title = {How to set up a Dedicated Server DNSSEC Zone},
    howpublished = 
    "\url{http://help.ovh.co.uk/dnssec#link2}",
    note = {accessed: 13.10.2016},
}
@misc{iana,
    title = {Root KSK ceremonies},
    howpublished = 
    "\url{https://www.iana.org/dnssec/ceremonies}",
    note = {accessed: 13.10.2016},
}
