
@Misc {SteveJobsQuote,
	author    = "Rob Walker",
	Title  = "\emph{The Guts of a New Machine}",
	Note   = "\url{http://www.nytimes.com/2003/11/30/magazine/the-guts-of-a-new-machine.html}
	[Accessed: 10.11.2016]",
	year = 2003,
}

@BOOK {WSINYE,
	author    = "Kim Golombisky and Rebecca Hagen",
	title     = "White Space Is Not Your Enemy",
	publisher = "Elsevier INC",
	year      = "2010",
}


@BOOK {PWebDesign,
	author    = "Jason Beaird",
	title     = "The Principles of Beautiful Web Design",
	publisher = "SitePoint Pty. Ltd.",
	year      = "2010",
}
